@incollection{abel2011semantic,
  title={Semantic enrichment of twitter posts for user profile construction on the social web},
  author={Abel, Fabian and Gao, Qi and Houben, Geert-Jan and Tao, Ke},
  booktitle={The Semanic Web: Research and Applications},
  pages={375--389},
  year={2011},
  publisher={Springer}
}

@inproceedings{sakaki2010earthquake,
  title={Earthquake shakes Twitter users: real-time event detection by social sensors},
  author={Sakaki, Takeshi and Okazaki, Makoto and Matsuo, Yutaka},
  booktitle={Proceedings of the 19th international conference on World wide web},
  pages={851--860},
  year={2010},
  organization={ACM}
}

@article{gaffney2010iranelection,
  title={\# iranElection: quantifying online activism},
  author={Gaffney, Devin},
  year={2010}
}

@inproceedings{dong2010time,
  title={Time is of the essence: improving recency ranking using twitter data},
  author={Dong, Anlei and Zhang, Ruiqiang and Kolari, Pranam and Bai, Jing and Diaz, Fernando and Chang, Yi and Zheng, Zhaohui and Zha, Hongyuan},
  booktitle={Proceedings of the 19th international conference on World wide web},
  pages={331--340},
  year={2010},
  organization={ACM}
}


@inproceedings{kanoulas2011session,
  title={Session track 2011 overview},
  author={Kanoulas, Evangelos and Carterette, Ben and Hall, Mark and Clough, Paul and Sanderson, Mark},
  booktitle={20th Text REtrieval Conference Notebook Proceedings (TREC 2011)},
  year={2011}
}

@book{voorhees2005trec,
  title={TREC: Experiment and evaluation in information retrieval},
  author={Voorhees, Ellen and Harman, Donna K and others},
  volume={63},
  year={2005},
  publisher={MIT press Cambridge}
}


@article{soboroff2012evaluating,
  title={Evaluating real-time search over tweets},
  author={Soboroff, Ian and McCullough, Dean and Lin, Jimmy and Macdonald, Craig and Ounis, Iadh and McCreadie, Richard},
  journal={Proc. ICWSM},
  pages={943--961},
  year={2012}
}


@inproceedings{kanoulas2011session,
  title={Overview of the TREC2011 Microblog Track},
  author={Iadh Ounis, Jimmy Lin, Ian Soboroff},
  booktitle={20th Text REtrieval Conference Notebook Proceedings (TREC 2011)},
  year={2011}
}

@inproceedings{owoputi2013improved,
  title={Improved part-of-speech tagging for online conversational text with word clusters},
  author={Owoputi, Olutobi and Oâ€™Connor, Brendan and Dyer, Chris and Gimpel, Kevin and Schneider, Nathan and Smith, Noah A},
  booktitle={Proceedings of NAACL},
  year={2013}
}

@article{landauer1998introduction,
  title={An introduction to latent semantic analysis},
  author={Landauer, Thomas K and Foltz, Peter W and Laham, Darrell},
  journal={Discourse processes},
  volume={25},
  number={2-3},
  pages={259--284},
  year={1998},
  publisher={Taylor \& Francis}
}

@inproceedings{han2011lexical,
  title={Lexical normalisation of short text messages: Makn sens a\# twitter},
  author={Han, Bo and Baldwin, Timothy},
  booktitle={Proceedings of the 49th Annual Meeting of the Association for Computational Linguistics: Human Language Technologies},
  volume={1},
  pages={368--378},
  year={2011}
}
